@book{desg,
 author               = {Desgraupes,Bernard},
 publisher            = {Vuibert},
 title                = {\LaTeX. Apprentissage, guide et référence},
 year                 = {1999},
 note                 = {\par{\footnotesize Un des meilleurs ouvrages pour qui veut rentrer plus avant dans le fonctionnement de \LaTeX. Le chapitre sur la personnalisation reste un des plus intéressants. Il ne lui manque que la présentation des graphiques qui, selon l'auteur, devrait faire l'objet d'un ouvrage à part entière.}}
 }

@book{gomi,
 author               = {Goossens,Michel  and  Mittelbach,Frank  and  Samarin,Alexander},
 publisher            = {CampusPress},
 title                = {\LaTeX~Companion},
 year                 = {1996},
 note                 = {\par\liensimple{http://latex-project.org/guides/lc2fr-apb.pdf}. \par{\footnotesize Ouvrage \og fleuve \fg{} détaillant très précisément les paquets majeurs accompagnant \LaTeX\ (d'où son volume). Il est à réserver aux spécialistes ou aux personnes cherchant des fonctionnalités très spécifiques. Le lien cité ici présente la seule annexe B sur la gestion des erreurs.}}
 }

@book{knut,
 author               = {Knuth, Donald E.},
 publisher            = {Addison-Wesley},
 title                = {The \TeX book},
 year                 = {1986},
 note                 = {\par{\footnotesize Le \TeX book, écrit par \textsc{Knuth} lui-même, est le point de départ de ceux qui souhaitent comprendre la mécanique interne de \TeX. Entre descriptions et exercices à la difficulté progressive, l'auteur y glisse même de l'humour !}} 
 }

@book{lach,
 author               = {Lachand-Robert,Thierry},
 publisher            = {Masson},
 title                = {La maîtrise de \TeX~et \LaTeX},
 year                 = {1995},
 note                 = {\par{\footnotesize Très orienté sur le code \TeX, cet ouvrage sera précieux pour qui veut développer de nouvelles fonctionnalités.}},  
 }

@book{lamp,
 author               = {Lamport,Leslie},
 publisher            = {Addison-Wesley},
 title                = {\LaTeX~-- A Document Preparation System -- User's Guide and Reference Manual},
 year                 = {1994},
 note                 = {\par{\footnotesize L'ouvrage signé de l'auteur de \LaTeX. Pas forcément le plus simple et le plus complet, il reste cependant une très bonne référence en anglais.}},
 }

@book{perr,
 author               = {Perrousseaux,Yves},
 publisher            = {Atelier Perrousseaux \'Editeurs},
 title                = {Manuel de typographie française élémentaire},
 year                 = {1997},
 note                 = {\par{\footnotesize Le typographie est un art, une histoire et une technique. Yves \textsc{Perrousseaux}, typographe et éditeur, en fait un état savant et pratique.}}
 }

@book{roll,
 author               = {Rolland,Christian},
 publisher            = {O'Reilly \& Associates},
 title                = {\LaTeX~par la pratique},
 year                 = {1994},
 note                 = {\par{\footnotesize Une bonne introduction qui, si elle est ancienne, a le mérite de présenter la plupart des fonctionnalités pratiques, y compris les aspects graphiques.}}
 }

@book{orto,
 author               = {Legrand,Jeanne  and  Ortolo,Tanguy},
 publisher            = {O'Reilly},
 title                = {\LaTeX\ à 200\%},
 year                 = {2007},
 note                 = {\par{\footnotesize Si optimiser une procédure vous intéresse, ce livre présente une série de \emph{hacks} qui pourraient bien vous simplifier la vie tel \og réaliser des compilations côté serveur \fg{} ou \og réaliser une affiche \fg{} .}},
 }

@book{chev,
 author               = {Appel,Walter  and  Chevalier,Céline  and  Cornet,Emmanuel  and  Desreux,Sébastien  and  Fleck,Jean-Julien  and  Pichaureau,Paul},
 publisher            = {H\&K},
 title                = {\LaTeX\ pour l'impatient},
 year                 = {2009},
 note                 = {\par{\footnotesize D'un format un peu inhabituel, cet ouvrage traite de très nombreux aspects de \LaTeX\ avec le recul d'utilisateurs chevronnés (et s'avère être l'un des moins chers).}},
 }
 
@book{goos,
 author               = {Goossens,Michel  and  Mittelbach,Frank  and  Rahtz,Sebastian  and  Roegel,Denis  and  Vo\ss,Herbert},
 publisher            = {Addison-Wesley},
 title                = {The \LaTeX\ Graphics Companion},
 year                 = {2010},
 note				  = {\par{\footnotesize Sans doute le seul ouvrage entièrement dédié l'ensemble des manières de générer des graphiques avec \LaTeX\ : par l'importation d'images ou par la génération des graphiques avec \LaTeX, Metapost ou \paquet{pstricks}. Une mine pour les amateurs de graphiques.}},
 }

@book{dong,
 author               = {van Dongen,Marc R.C.},
 publisher            = {Springer},
 title                = {\LaTeX\ and friends},
 year                 = {2012},
 isbn                 = {978-3-642-23815-4},
 note                 = {\par{\footnotesize \LaTeX\ reste un sujet d'actualité, preuve en est cet ouvrage en anglais paru en 2012 faisant le point sur le sujet. Il détaille  en particulier pour les graphiques le paquet \paquet{tikz}.}} 
 }

@book{loza,
 author               = {Lozano,Vincent},
 publisher            = {In Libro Veritas},
 title                = {Tout ce que vous avez toujours voulu savoir sur \LaTeX\ sans jamais oser le demander},
 year                 = {2008},
 isbn                 = {978-2-35209-149-3},
 note                 = {\par\liensimple{http://framabook.org/246/}.\par{\footnotesize Un très bon document pour qui voudrait comprendre la méthode pour modifier le comportement de \LaTeX. D'autant que le livre autocommente amplement son propre style ! Cet ouvrage est libre et gratuit (l'édition papier pouvant être achetée pour soutenir cette excellente initiative).}},
 }

@book{bito,
 author               = {Bitouzé, Denis and Charpentier, Jean-Côme},
 title                = {\LaTeX, l'essentiel},
 publisher            = {Pearson Education France},
 year                 = {2010},
 note                 = {\par{\footnotesize De par sa publication récente, cet ouvrage donne la présentation la plus à jour et la plus intuitive de \LaTeX, présentant ainsi certains des derniers paquets les plus pratiques. Il évoque également, chose plus rare, les glossaires et les présentations projetées.}},
}

@book{paki,
 author               = {Pakin, Scott},
 title                = {The comprehensive \LaTeX\ symbol list},
 year                 = {2008},
 note                 = {\par\liensimple{http://www.ctan.org/tex-archive/info/symbols/comprehensive/}.\par{\footnotesize Environ 5913 symboles à portée de clic sur le site du CTAN !}},
}

@book{baya,
 author               = {Bayart, Benjamin and others},
 title                = {FAQ de \texttt{fr.comp.text.tex}}, 
 year                 = {2004},
 version              = {3.00 alpha},
 note                 = {\par\liensimple{http://www.grappa.univ-lille3.fr/FAQ-LaTeX/}.\par{\footnotesize Si quelqu'un pense avoir des questions nouvelles sur \LaTeX, qu'il jette un coup d'\oe il à cette Foire Aux Questions, document de 370 pages regroupant les questions et l'expertise du groupe de discussion \texttt{fr.comp.text.tex}}},
}

@Book{lobr,
 author               = {Lobry, Jean Raymond},
 title                = {Comment rédiger un rapport avec la commande Sweave() de R},
 year                 = {2009},
 note                 = {\par\liensimple{http://pbil.univ-lyon1.fr/R/pdf/tdr78.pdf}. \par{\footnotesize Une explication très complète pour interfacer \programme{R} et \LaTeX.}},
}

@Book{andr,
 author               = {André, Jacques},
 title                = {Petites leçons de typographie},
 year                 = {2012},
 note                 = {\par\liensimple{http://jacques-andre.fr/faqtypo/lessons.pdf}. \par{\footnotesize Vous ne lirez et ne composerez plus un texte de la même manière après avoir lu ces leçons d'un auteur réputé dans le monde de la composition numérique.}},
}

@Book{oeti,
 author               = {Oetiker, Tobias and Partl, Hubert and Hyna, Irene and Schlegl, Elisabeth},
 title                = {Une courte (?) introduction à \LaTeXe},
 year                 = {2011},
 note                 = {\par\liensimple{http://www.ctan.org/tex-archive/info/lshort/french/}. \par{\footnotesize Un autre classique de la documentation de qualité et libre sur \LaTeX, ce document évoluant depuis plus de 10 ans.}},
}

@Book{huff,
 author               = {Hufflen, Jean-Michel and Roegel, Denis and Tombre, Karl},
 title                = {Guide local (LA)\TeX},
 year                 = {1998},
 note                 = {\par\liensimple{http://tex.loria.fr/guide/guide1998.pdf}. \par{\footnotesize Un classique de la documentation sur \LaTeX, contenant en particulier des éléments sur la gestion des polices de caractères et un ensemble de règles typographiques.}},
}

@Book{tret,
 author               = {Trettin, Mark},
 title                = {Une liste des péchés des utilisateurs de \LaTeXe},
 year                 = {2004},
 note                 = {\par\liensimple{http://www.lsv.ens-cachan.fr/~markey/LaTeX/doc/l2tabufr.pdf}. \par{\footnotesize Une fois que vous aurez roulé votre bosse sur le sujet de \LaTeX, pensez à consulter ce document pour vérifier que vous n'avez pas des réflexes un peu datés ou \og exotiques \fg{}.}},
}

@Book{conu,
 author               = {Conus, Fabien and Pastor, Franck},
 title                = {Introduction à \LaTeX\ sous MAC OS X},
 year                 = {2012},
 note                 = {\par\liensimple{http://redac.cuk.ch/franck/article-cuk-latex-pdf/intro-latex-rev-bis.pdf}. \par{\footnotesize Pour les détenteurs de Mac, voici un document présentant l'installation et l'utilisation de \LaTeX\ sous Mac, cas particulier non détaillé dans ce cours.}},
}

@Book{impr,
 title                = {Lexique des règles typographiques en usage à l'Imprimerie nationale},
 publisher            = {Imprimerie nationale},
 year                 = {2002},
 note                 = {\par{\footnotesize Des abréviations à la zoologie en passant par les mathématiques, ce petit livre fait le tour de ce qu'il faut savoir pour présenter un texte francophone.}},
}

@Book{coli,
 author               = {Colignon, Jean-Pierre}, 
 title                = {Un point, c'est tout !},
 publisher            = {Victoires \'{E}ditions},
 year                 = {2011},
 note                 = {\par{\footnotesize Pas moins de 152 pages pour un sujet qui aurait pu sembler intuitif\dots mais qui s'avère être riche de surprises et de sens ! Jean-Pierre \textsc{Colignon}, qui a été chef correcteur du \textsl{Monde}, présente ici l'étendue de ses connaissances sur ce sujet inattendu.}},
}

@Book{comb,
 author               = {Combéfis, Sébastien}, 
 title                = {\LaTeX{} HowTo},
 year                 = {2010},
 note                 = {\par\liensimple{http://www.latex-howto.be/files/LaTeX-HowTo-full.pdf}. \par{\footnotesize Un large éventail des possibilités de \LaTeX\ avec de très nombreux exemples à l'appui.}},
}

@Book{thur,
 author               = {Thurnherr, Thomas}, 
 title                = {\TeX Blog},
 note                 = {\par\liensimple{http://texblog.org/}. \par{\footnotesize Un blog actif en anglais sur \LaTeX{}.}},
}

@Book{atan,
 author               = {Atanassova, Iana}, 
 title                = {Mon blog informatique --- Astuces et actualités en \LaTeX{}},
 note                 = {\par\liensimple{http://monbloginformatique.blogspot.fr/}. \par{\footnotesize Un blog actif (et esthétique) en français sur \LaTeX{}.}},
}

@Book{mass,
 author               = {Masson, Bertrand}, 
 title                = {Les fiches à Bébert},
 note                 = {\par\liensimple{http://lesfichesabebert.fr/}. \par{\footnotesize Un wiki avec des fiches souvent très détaillées.}},
}

@Book{past,
 author               = {Pastor, Franck}, 
 title                = {Articles sur CUK.fr},
 note                 = {\par\liensimple{http://www.cuk.ch/articles/author/franck-pastor}. \par{\footnotesize Une série d'articles suivants les récentes évolutions concernant \LaTeX{}.}},
}

@Book{pego,
 author               = {Pégourié-Gonnard, Manuel}, 
 title                = {Formations \LaTeX\ au CIES Jussieu},
 year                 = {2009},
 note                 = {\par\liensimple{https://elzevir.fr/imj/latex/cies.html}. \par{\footnotesize Un cours très précis et détaillé sur des mécaniques importantes en \LaTeX{}.}},
}

@Book{gout,
 author               = {Goutet,Philippe},
 title                = {Module LM204 --- Initiation à \LaTeX},
 year                 = {2011},
 note                 = {\par\liensimple{http://pgoutet.free.fr/latex/}. \par{\footnotesize Ce cours, dans la prolongation directe de celui de Manuel \textsc{Pégourié-Gonnard}\cite{pego}, propose de nombreux exercices et développements avancés. Il contient également un aide mémoire bien pensé.}}
 }

@Book{late,
 title                = {\LaTeX\ Stack Exchange},
 note                 = {\par\liensimple{http://tex.stackexchange.com/}. \par{\footnotesize Probablement le meilleur forum anglophone pour poser des questions sur \TeX\ et ses descendants, d'autant que de très grands experts viennent apporter leur aide.}},
}

@Book{temp,
 title                = {\LaTeX\ Templates},
 note                 = {\par\liensimple{http://www.latextemplates.com/}. \par{\footnotesize Pour apporter un peu de variété à un document \LaTeX, ce site propose différents modèles de présentation avec le code \LaTeX\ associé.}},
}

@Book{gaza,
 author               = {Gazagnes, Arnaud}, 
 title                = {\LaTeX... pour le prof de maths},
 year                 = {2015},
 note                 = {\par\liensimple{http://math.univ-lyon1.fr/irem/spip.php?article340}. \par{\footnotesize Un cours très complet sur l'utilisation de \LaTeX. Destiné aux enseignants, il donne également beaucoup d'éléments pour toute personne intéressée par le sujet, présentant en particulier de façon détaillée \paquet{beamer} et \paquet{pstricks}.}},
}

@Book{texa,
 title                = {\TeX ample.net},
 note                 = {\par\liensimple{http://www.texample.net/}. \par{\footnotesize Ce site regroupe de nombreux exemples d'utilisation de \paquet{tikz}, toujours avec le code associé.}},
}

@Book{rouq,
 author               = {Rouquette, Maïeul}, 
 title                = {Geekographie Maïeulesque},
 note                 = {\par\liensimple{http://geekographie.maieul.net/LaTeX}. \par{\footnotesize Ce blog présente de nombreux trucs et astuces pour aller plus loin sur l'utilisation des bibliographies et des index avec \LaTeX.}},
}


